{
  "leader": "06425cam a2200601 a 4500",
  "fields": [
    {
      "001": "ocm32396472\\"
    },
    {
      "003": "OCoLC"
    },
    {
      "005": "20230105162827.0"
    },
    {
      "008": "950406s1995\\\\\\\\nyua\\\\\\\\\\b\\\\\\\\101\\0\\eng\\\\"
    },
    {
      "010": {
        "ind1": "\\",
        "ind2": "\\",
        "subfields": [
          {
            "a": "   95008848 "
          }
        ]
      }
    },
    {
      "040": {
        "ind1": "\\",
        "ind2": "\\",
        "subfields": [
          {
            "a": "DLC"
          },
          {
            "b": "eng"
          },
          {
            "c": "DLC"
          },
          {
            "d": "COU"
          },
          {
            "d": "GZH"
          },
          {
            "d": "GZM"
          },
          {
            "d": "VET"
          },
          {
            "d": "AGL"
          },
          {
            "d": "NLM"
          },
          {
            "d": "OCL"
          },
          {
            "d": "NLGGC"
          },
          {
            "d": "BAKER"
          },
          {
            "d": "BTCTA"
          },
          {
            "d": "LVB"
          },
          {
            "d": "YDXCP"
          },
          {
            "d": "CS1"
          },
          {
            "d": "PAY"
          },
          {
            "d": "AAA"
          },
          {
            "d": "ZWZ"
          },
          {
            "d": "BDX"
          },
          {
            "d": "GBVCP"
          },
          {
            "d": "OCLCO"
          },
          {
            "d": "OCLCF"
          },
          {
            "d": "OCLCQ"
          },
          {
            "d": "OCLCO"
          },
          {
            "d": "QE2"
          },
          {
            "d": "OCL"
          },
          {
            "d": "OCLCO"
          },
          {
            "d": "EUW"
          },
          {
            "d": "OCLCO"
          },
          {
            "d": "OCLCQ"
          },
          {
            "d": "OCLCO"
          },
          {
            "d": "FC@"
          },
          {
            "d": "OCLCO"
          },
          {
            "d": "OCLCA"
          },
          {
            "d": "OCLCQ"
          },
          {
            "d": "OCLCO"
          }
        ]
      }
    },
    {
      "016": {
        "ind1": "7",
        "ind2": "\\",
        "subfields": [
          {
            "a": "9514290"
          },
          {
            "2": "DNLM"
          }
        ]
      }
    },
    {
      "016": {
        "ind1": "7",
        "ind2": "\\",
        "subfields": [
          {
            "a": "BA25512378"
          },
          {
            "2": "JP-ToKJK"
          }
        ]
      }
    },
    {
      "019": {
        "ind1": "\\",
        "ind2": "\\",
        "subfields": [
          {
            "a": "455855799"
          },
          {
            "a": "1055583962"
          }
        ]
      }
    },
    {
      "020": {
        "ind1": "\\",
        "ind2": "\\",
        "subfields": [
          {
            "a": "0897669053"
          },
          {
            "q": "(cloth ;"
          },
          {
            "q": "acidfree paper)"
          }
        ]
      }
    },
    {
      "020": {
        "ind1": "\\",
        "ind2": "\\",
        "subfields": [
          {
            "a": "9780897669054"
          },
          {
            "q": "(cloth ;"
          },
          {
            "q": "acidfree paper)"
          }
        ]
      }
    },
    {
      "020": {
        "ind1": "\\",
        "ind2": "\\",
        "subfields": [
          {
            "a": "0897669061"
          },
          {
            "q": "(paper ;"
          },
          {
            "q": "acidfree paper)"
          }
        ]
      }
    },
    {
      "020": {
        "ind1": "\\",
        "ind2": "\\",
        "subfields": [
          {
            "a": "9780897669061"
          },
          {
            "q": "(paper ;"
          },
          {
            "q": "acidfree paper)"
          }
        ]
      }
    },
    {
      "035": {
        "ind1": "\\",
        "ind2": "\\",
        "subfields": [
          {
            "a": "(OCoLC)32396472"
          },
          {
            "z": "(OCoLC)455855799"
          },
          {
            "z": "(OCoLC)1055583962"
          }
        ]
      }
    },
    {
      "050": {
        "ind1": "\\",
        "ind2": "4",
        "subfields": [
          {
            "a": "QH506"
          },
          {
            "b": ".D53 1995"
          }
        ]
      }
    },
    {
      "082": {
        "ind1": "0",
        "ind2": "4",
        "subfields": [
          {
            "a": "572.8"
          },
          {
            "b": "DNA "
          }
        ]
      }
    },
    {
      "245": {
        "ind1": "0",
        "ind2": "0",
        "subfields": [
          {
            "a": "DNA :"
          },
          {
            "b": "the double helix : perspective and prospective at forty years /"
          },
          {
            "c": "edited by Donald A. Chambers."
          }
        ]
      }
    },
    {
      "260": {
        "ind1": "\\",
        "ind2": "\\",
        "subfields": [
          {
            "a": "New York, N.Y. :"
          },
          {
            "b": "New York Academy of Sciences,"
          },
          {
            "c": "1995."
          }
        ]
      }
    },
    {
      "300": {
        "ind1": "\\",
        "ind2": "\\",
        "subfields": [
          {
            "a": "xv, 472 pages :"
          },
          {
            "b": "illustrations (some color) ;"
          },
          {
            "c": "24 cm."
          }
        ]
      }
    },
    {
      "336": {
        "ind1": "\\",
        "ind2": "\\",
        "subfields": [
          {
            "a": "text"
          },
          {
            "b": "txt"
          },
          {
            "2": "rdacontent"
          }
        ]
      }
    },
    {
      "337": {
        "ind1": "\\",
        "ind2": "\\",
        "subfields": [
          {
            "a": "unmediated"
          },
          {
            "b": "n"
          },
          {
            "2": "rdamedia"
          }
        ]
      }
    },
    {
      "338": {
        "ind1": "\\",
        "ind2": "\\",
        "subfields": [
          {
            "a": "volume"
          },
          {
            "b": "nc"
          },
          {
            "2": "rdacarrier"
          }
        ]
      }
    },
    {
      "490": {
        "ind1": "1",
        "ind2": "\\",
        "subfields": [
          {
            "a": "Annals of the New York Academy of Sciences ;"
          },
          {
            "v": "v. 758"
          }
        ]
      }
    },
    {
      "504": {
        "ind1": "\\",
        "ind2": "\\",
        "subfields": [
          {
            "a": "Includes bibliographical references and indexes."
          }
        ]
      }
    },
    {
      "530": {
        "ind1": "\\",
        "ind2": "\\",
        "subfields": [
          {
            "a": "Also issued online."
          }
        ]
      }
    },
    {
      "505": {
        "ind1": "0",
        "ind2": "\\",
        "subfields": [
          {
            "a": "Preface / Donald A. Chambers -- Forty Years of DNA / Donald A. Chambers -- Molecular Structure of Nucleic Acids: A Structure for Deoxyribose Nucleic Acid / J.D. Watson and F.H.C. Crick -- Molecular Structure of Deoxypentose Nucleic Acids / M.H.F. Wilkins, A.R. Stokes and H.R. Wilson -- Molecular Configuration in Sodium Thymonucleate / R.E. Franklin and R.G. Gosling -- Photos from the Conference -- Introduction / Donald A. Chambers -- The Aperiodic Crystal of Heredity / Gunther S. Stent -- Photos from the Past -- Introduction: \"On the Shoulders of Giants\" / Irving M. Klotz -- A Fifty-Year Perspective on the Genetic Role of DNA / Maclyn McCarty -- DNA in the Decade before the Double Helix / Rollin D. Hotchkiss -- Linus Pauling: Chemist and Molecular Biologist / Alexander Rich -- Historic Reflections on the Clinical Roots of Molecular Biology / Paul Heller -- Introduction / Robert V. Storti -- The Nucleic Acids: A Backward Glance / Alexander Rich -- Gene Regulatory Proteins and Their Interaction with DNA / Aaron Klug -- Genetics of Retroviruses / Howard M. Temin -- In Memoriam: Howard Temin, the Fierce Scholar / David Baltimore -- In Honor of James D. Watson, Francis Crick, and Maurice Wilkins / Donald A. Chambers -- Greetings / Rodney W. Nichols -- Greetings / Joshua Lederberg -- Intellectual Dawns / Crispin Tickell -- What the Double Helix Has Meant for Basic Biomedical Science: A Personal Commentary / Joshua Lederberg -- Values from a Chicago Upbringing / James D. Watson -- DNA: A Cooperative Discovery / Francis H.C. Crick -- DNA at King's College, London / Maurice H.F. Wilkins -- \"The Night Before Crickmas\": A Poem and Deliverance / Rollin D. Hotchkiss -- Photos from the Banquet -- Introduction / R. John Solaro -- Mammalian Learning and Memory Studied by Gene Targeting / Susumu Tonegawa -- Circuits / Francois Jacob -- The NK-2 Homeobox Gene and the Early Development of the Central Nervous System of Drosophila / Marshall Nirenberg, Kohzo Nakayama, Noriko Nakayama, Yongsok Kim, Dervla Mellerick, Lan-Hsiang Wang, Keith O. Webber and Rajnikant Lad -- Introduction / Lord Walton of Detchant -- The Molecular Basis for Phenotypic Diversity of Genetic Disease / David J. Weatherall -- A Molecular Switch for the Consolidation of Long-Term Memory: cAMP-Inducible Gene Expression / Cristina M. Alberini, Mirella Ghirardi, Yan-You Huang, Peter V. Nguyen and Eric R. Kandel -- Molecular Analysis of Duchenne Muscular Dystrophy: Past, Present, and Future / Kay E. Davies, Jonathon M. Tinsley and Derek J. Blake -- Transgenic Mouse Models of Disease: Altering Adipose Tissue Function in Vivo / Susan R. Ross, Reed A. Graves, Lisa Choy, Veronica Soleveva and Bruce M. Spiegelman -- Recombinant DNA Technology and Oral Medicine / Harold C. Slavkin -- Introduction / Richard Doll -- The Molecular Basis of Oncogenes and Tumor Suppressor Genes / Robert A. Weinberg -- A Nuclear Tyrosine Kinase Becomes a Cytoplasmic Oncogene / David Baltimore, Ruibao Ren, Genhong Cheng, Konstantina Alexandropoulos and Piera Cicchetti -- Recombinant Toxins: New Therapeutic Agents for Cancer / Ira H. Pastan, Lee H. Pai, Ulrich Brinkmann and David J. Fitzgerald -- Introduction / Richard L. Davidson -- DNA: Template for An Economic Revolution / David A. Jackson -- The Molecular Biology of Thyroid Hormone Action / Ralff C.J. Ribeiro, James W. Apriletti, Brian L. West, Richard L. Wagner, Robert J. Fletterick, Fred Schaufele and John D. Baxter -- Human and Mouse T-Cell Receptor Loci: Genomics, Evolution, Diversity, and Serendipity / Leroy Hood, Lee Rowen and Ben F. Koop -- Introduction / Donald A. Chambers -- Where Will Genome Analysis Lead Us Forty Years On? / Walter Bodmer -- The World We Have Lost / Horace Freeland Judson -- The Biomedical Revolution at 40 Years: An Overview of the Conference / Donald A. Chambers, Kenneth B.M. Reid and Rhonna L. Cohen."
          }
        ]
      }
    },
    {
      "650": {
        "ind1": "\\",
        "ind2": "0",
        "subfields": [
          {
            "a": "DNA"
          },
          {
            "v": "Congresses."
          }
        ]
      }
    },
    {
      "650": {
        "ind1": "\\",
        "ind2": "0",
        "subfields": [
          {
            "a": "Nucleic acids"
          },
          {
            "v": "Congresses."
          }
        ]
      }
    },
    {
      "650": {
        "ind1": "\\",
        "ind2": "0",
        "subfields": [
          {
            "a": "Molecular biology"
          },
          {
            "v": "Congresses."
          }
        ]
      }
    },
    {
      "650": {
        "ind1": "\\",
        "ind2": "0",
        "subfields": [
          {
            "a": "DNA."
          }
        ]
      }
    },
    {
      "650": {
        "ind1": "1",
        "ind2": "2",
        "subfields": [
          {
            "a": "DNA"
          }
        ]
      }
    },
    {
      "650": {
        "ind1": "2",
        "ind2": "2",
        "subfields": [
          {
            "a": "DNA"
          },
          {
            "x": "history"
          }
        ]
      }
    },
    {
      "650": {
        "ind1": "2",
        "ind2": "2",
        "subfields": [
          {
            "a": "Molecular Biology"
          },
          {
            "x": "trends"
          }
        ]
      }
    },
    {
      "650": {
        "ind1": "\\",
        "ind2": "7",
        "subfields": [
          {
            "a": "DNA."
          },
          {
            "2": "fast"
          },
          {
            "0": "(OCoLC)fst00886555"
          }
        ]
      }
    },
    {
      "650": {
        "ind1": "\\",
        "ind2": "7",
        "subfields": [
          {
            "a": "Molecular biology."
          },
          {
            "2": "fast"
          },
          {
            "0": "(OCoLC)fst01024734"
          }
        ]
      }
    },
    {
      "650": {
        "ind1": "\\",
        "ind2": "7",
        "subfields": [
          {
            "a": "Nucleic acids."
          },
          {
            "2": "fast"
          },
          {
            "0": "(OCoLC)fst01041070"
          }
        ]
      }
    },
    {
      "655": {
        "ind1": "\\",
        "ind2": "2",
        "subfields": [
          {
            "a": "Congress"
          }
        ]
      }
    },
    {
      "655": {
        "ind1": "\\",
        "ind2": "7",
        "subfields": [
          {
            "a": "Conference papers and proceedings."
          },
          {
            "2": "fast"
          },
          {
            "0": "(OCoLC)fst01423772"
          }
        ]
      }
    },
    {
      "655": {
        "ind1": "\\",
        "ind2": "7",
        "subfields": [
          {
            "a": "Conference papers and proceedings."
          },
          {
            "2": "lcgft"
          }
        ]
      }
    },
    {
      "700": {
        "ind1": "1",
        "ind2": "\\",
        "subfields": [
          {
            "a": "Chambers, Donald A."
          }
        ]
      }
    },
    {
      "830": {
        "ind1": "\\",
        "ind2": "0",
        "subfields": [
          {
            "a": "Annals of the New York Academy of Sciences ;"
          },
          {
            "v": "v. 758."
          }
        ]
      }
    },
    {
      "856": {
        "ind1": "4",
        "ind2": "1",
        "subfields": [
          {
            "3": "Table of contents"
          },
          {
            "u": "http://www.gbv.de/dms/bs/toc/185365108.pdf"
          }
        ]
      }
    },
    {
      "856": {
        "ind1": "4",
        "ind2": "1",
        "subfields": [
          {
            "u": "http://www3.interscience.wiley.com/journal/119241610/issue"
          }
        ]
      }
    },
    {
      "856": {
        "ind1": "4",
        "ind2": "1",
        "subfields": [
          {
            "u": "http://www.blackwell-synergy.com/openurl?genre=journal&stitle=nyas"
          }
        ]
      }
    },
    {
      "856": {
        "ind1": "4",
        "ind2": "1",
        "subfields": [
          {
            "z": "Search for this title in"
          },
          {
            "u": "http://onlinelibrary.wiley.com/journal/10.1111/(ISSN)1749-6632"
          }
        ]
      }
    },
    {
      "994": {
        "ind1": "\\",
        "ind2": "\\",
        "subfields": [
          {
            "a": "Z0"
          },
          {
            "b": "NYRVC"
          }
        ]
      }
    },
    {
      "948": {
        "ind1": "\\",
        "ind2": "\\",
        "subfields": [
          {
            "h": "NO HOLDINGS IN NYRVC - 266 OTHER HOLDINGS"
          }
        ]
      }
    },
    {
      "999": {
        "ind1": "\\",
        "ind2": "\\",
        "subfields": [
          {
            "a": "00000000012839"
          }
        ]
      }
    }
  ]
}